@article{knuth:1974,
  author = {Knuth, Donald E.},
  title = {{C}omputer {P}rogramming as an {A}rt},
  journal = {Communications of the ACM},
  year = {1974},
  volume = {17},
  pages = {667--673},
  number = {12},
  address = {New York, NY, USA},
  publisher = {ACM Press}
}

@misc{dong2023build,
      title={How to Build an AI Tutor that Can Adapt to Any Course and Provide Accurate Answers Using Large Language Model and Retrieval-Augmented Generation}, 
      author={Chenxi Dong},
      year={2023},
      eprint={2311.17696},
      archivePrefix={arXiv},
      primaryClass={cs.CL}
}

@misc{chu2023timebench,
      title={TimeBench: A Comprehensive Evaluation of Temporal Reasoning Abilities in Large Language Models}, 
      author={Zheng Chu and Jingchang Chen and Qianglong Chen and Weijiang Yu and Haotian Wang and Ming Liu and Bing Qin},
      year={2023},
      eprint={2311.17667},
      archivePrefix={arXiv},
      primaryClass={cs.CL}
}

@misc{zhu2023physics,
      title={Physics of Language Models: Part 3.1, Knowledge Storage and Extraction}, 
      author={Zeyuan Allen Zhu and Yuanzhi Li},
      year={2023},
      eprint={2309.14316},
      archivePrefix={arXiv},
      primaryClass={cs.CL}
}


@misc{devaraj2023development,
      title={Development of a Legal Document AI-Chatbot}, 
      author={Pranav Nataraj Devaraj and Rakesh Teja P V au2 and Aaryav Gangrade and Manoj Kumar R},
      year={2023},
      eprint={2311.12719},
      archivePrefix={arXiv},
      primaryClass={cs.AI}
}

@misc{poland2023generative,
      title={Generative AI and US Intellectual Property Law}, 
      author={Cherie M Poland},
      year={2023},
      eprint={2311.16023},
      archivePrefix={arXiv},
      primaryClass={cs.CY}
}

@misc{vaswani2023attention,
      title={Attention Is All You Need}, 
      author={Ashish Vaswani and Noam Shazeer and Niki Parmar and Jakob Uszkoreit and Llion Jones and Aidan N. Gomez and Lukasz Kaiser and Illia Polosukhin},
      year={2023},
      eprint={1706.03762},
      archivePrefix={arXiv},
      primaryClass={cs.CL}
}

@book{Tingiris2021Exploring,
	author = {Tingiris, S. and Kinsella, B.},
	year = {2021},
	month = {aug 27},
	publisher = {Packt Publishing Ltd},
	title = {Exploring {GPT}-3},
}

@book{Rothman2022Transformers,
	author = {Rothman, D.},
	year = {2022},
	month = {mar 25},
	publisher = {Packt Publishing Ltd},
	title = {Transformers for {Natural} {Language} {Processing}},
}

@misc{wehnert2023justifiable,
      title={Justifiable Artificial Intelligence: Engineering Large Language Models for Legal Applications}, 
      author={Sabine Wehnert},
      year={2023},
      eprint={2311.15716},
      archivePrefix={arXiv},
      primaryClass={cs.CL}
}

@misc{openai2023gpt4,
      title={GPT-4 Technical Report}, 
      author={OpenAI},
      year={2023},
      eprint={2303.08774},
      archivePrefix={arXiv},
      primaryClass={cs.CL}
}

@misc{touvron2023llama,
      title={LLaMA: Open and Efficient Foundation Language Models}, 
      author={Hugo Touvron and Thibaut Lavril and Gautier Izacard and Xavier Martinet and Marie-Anne Lachaux and Timothée Lacroix and Baptiste Rozière and Naman Goyal and Eric Hambro and Faisal Azhar and Aurelien Rodriguez and Armand Joulin and Edouard Grave and Guillaume Lample},
      year={2023},
      eprint={2302.13971},
      archivePrefix={arXiv},
      primaryClass={cs.CL}
}

@misc{cui2023chatlaw,
      title={ChatLaw: Open-Source Legal Large Language Model with Integrated External Knowledge Bases}, 
      author={Jiaxi Cui and Zongjian Li and Yang Yan and Bohua Chen and Li Yuan},
      year={2023},
      eprint={2306.16092},
      archivePrefix={arXiv},
      primaryClass={cs.CL}
}

@misc{yue2023disclawllm,
      title={DISC-LawLLM: Fine-tuning Large Language Models for Intelligent Legal Services}, 
      author={Shengbin Yue and Wei Chen and Siyuan Wang and Bingxuan Li and Chenchen Shen and Shujun Liu and Yuxuan Zhou and Yao Xiao and Song Yun and Xuanjing Huang and Zhongyu Wei},
      year={2023},
      eprint={2309.11325},
      archivePrefix={arXiv},
      primaryClass={cs.CL}
}

@book{Aubert_Savaux_2010, title={Introduction au droit et thèmes fondamentaux du droit civil}, url={http://books.google.ie/books?id=gnQf0AEACAAJ&dq=Introduction+au+droit+et+th%C3%A8mes+fondamentaux+du+droit+civil&hl=&cd=1&source=gbs_api}, author={Aubert, Jean-Luc and Savaux, Éric}, year={2010}, month={Jan} }

@book{Bulambo_2012, title={La RD Congo. Les TICS dans l’apprentissage des Droits de l’Homme}, url={http://books.google.ie/books?id=PVNeLwEACAAJ&dq=INTRODUCTION+GENERAL+A+L%E2%80%99ETUDE+DU+DROIT+congolais&hl=&cd=5&source=gbs_api}, publisher={Editions Universitaires Europeennes}, author={Bulambo, Ambroise Katambu}, year={2012}, month={Jun} }

@book{Mwadiavita_2023, title={Précis d’introduction générale au droit positif congolais}, url={http://books.google.ie/books?id=6r7MEAAAQBAJ&printsec=frontcover&dq=INTRODUCTION+GENERAL+A+L%E2%80%99ETUDE+DU+DROIT+congolais&hl=&cd=1&source=gbs_api}, publisher={Editions L’Harmattan}, author={Mwadiavita, Lucain Kasongo}, year={2023}, month={Jul} }

@misc{starling2023,
    title = {Starling-7B: Improving LLM Helpfulness \& Harmlessness with RLAIF},
    author = {Zhu, Banghua and Frick, Evan and Wu, Tianhao and Zhu, Hanlin and Jiao, Jiantao},
    month = {November},
    year = {2023}
}

@misc{vicuna2023,
    title = {Vicuna: An Open-Source Chatbot Impressing GPT-4 with 90\%* ChatGPT Quality},
    url = {https://lmsys.org/blog/2023-03-30-vicuna/},
    author = {Chiang, Wei-Lin and Li, Zhuohan and Lin, Zi and Sheng, Ying and Wu, Zhanghao and Zhang, Hao and Zheng, Lianmin and Zhuang, Siyuan and Zhuang, Yonghao and Gonzalez, Joseph E. and Stoica, Ion and Xing, Eric P.},
    month = {March},
    year = {2023}
}

@misc{jiang2023mistral,
      title={Mistral 7B}, 
      author={Albert Q. Jiang and Alexandre Sablayrolles and Arthur Mensch and Chris Bamford and Devendra Singh Chaplot and Diego de las Casas and Florian Bressand and Gianna Lengyel and Guillaume Lample and Lucile Saulnier and Lélio Renard Lavaud and Marie-Anne Lachaux and Pierre Stock and Teven Le Scao and Thibaut Lavril and Thomas Wang and Timothée Lacroix and William El Sayed},
      year={2023},
      eprint={2310.06825},
      archivePrefix={arXiv},
      primaryClass={cs.CL}
}

@book{Pritchett_2019, 
    title={Build Chatbot Interactions}, 
    url={http://books.google.ie/books?id=9xWjDwAAQBAJ&printsec=frontcover&dq=9781680506327&hl=&cd=3&source=gbs_api}, 
    publisher={Pragmatic Bookshelf}, 
    author={Pritchett, Daniel}, 
    year={2019}, 
    month={Jun} 
}

@misc{geminiteam2023gemini,
      title={Gemini: A Family of Highly Capable Multimodal Models}, 
      author={Gemini Team},
      year={2023},
      eprint={2312.11805},
      archivePrefix={arXiv},
      primaryClass={cs.CL}
}

@misc{liu2023evaluation,
      title={An Evaluation of GPT-4V and Gemini in Online VQA}, 
      author={Mengchen Liu and Chongyan Chen},
      year={2023},
      eprint={2312.10637},
      archivePrefix={arXiv},
      primaryClass={cs.CV}
}


@book{Deisenroth_Faisal_Ong_2020, title={Mathematics for Machine Learning}, url={http://books.google.ie/books?id=t4XQDwAAQBAJ&printsec=frontcover&dq=Mathematics+for+Machine+Learning&hl=&cd=1&source=gbs_api}, publisher={Cambridge University Press}, author={Deisenroth, Marc Peter and Faisal, A. Aldo and Ong, Cheng Soon}, year={2020}, month={Apr} }

@book{antoine2018apprentissage,
	author={Antoine Cornuéjols, Laurent Michet, Vincent Barra},
	title={Apprentissage artificiel : Deep leaning, concepts et algorithmes},
	year = {2018},
	publisher= {Eyrolles},
	pages = {239--263},
	edition = {3rd}
} 

@book{Goodfellow-et-al-2016,
    title={Deep Learning},
    author={Ian Goodfellow and Yoshua Bengio and Aaron Courville},
    publisher={MIT Press},
    note={\url{http://www.deeplearningbook.org}},
    year={2016}
}

@article{LeCun2015,
author={LeCun, Yann
and Bengio, Yoshua
and Hinton, Geoffrey},
title={Deep learning},
journal={Nature},
year={2015},
month={May},
day={01},
volume={521},
number={7553},
pages={436-444},
abstract={Deep learning allows computational models that are composed of multiple processing layers to learn representations of data with multiple levels of abstraction. These methods have dramatically improved the state-of-the-art in speech recognition, visual object recognition, object detection and many other domains such as drug discovery and genomics. Deep learning discovers intricate structure in large data sets by using the backpropagation algorithm to indicate how a machine should change its internal parameters that are used to compute the representation in each layer from the representation in the previous layer. Deep convolutional nets have brought about breakthroughs in processing images, video, speech and audio, whereas recurrent nets have shone light on sequential data such as text and speech.},
issn={1476-4687},
doi={10.1038/nature14539},
url={https://doi.org/10.1038/nature14539}
}

@book{Caelen_Blete_2023, title={Developing Apps with GPT-4 and ChatGPT}, url={http://books.google.ie/books?id=XaXTEAAAQBAJ&printsec=frontcover&dq=Developing+Apps+with+GPT-4+and+ChatGPT&hl=&cd=1&source=gbs_api}, publisher={“O’Reilly Media, Inc.”}, author={Caelen, Olivier and Blete, Marie-Alice}, year={2023}, month={Aug} }

@book{Deisenroth2020,
  added-at = {2019-10-12T23:39:32.000+0200},
  author = {Deisenroth, Marc Peter and Faisal, A. Aldo and Ong, Cheng Soon},
  biburl = {https://www.bibsonomy.org/bibtex/271e556439bb49b11e015aa4c0d9cb785/lopusz_kdd},
  description = {Mathematics for Machine Learning: Marc Peter Deisenroth, A. Aldo Faisal, Cheng Soon Ong: 9781108455145: Amazon.com: Books},
  interhash = {876f4a593e888f3257674a89d7456f25},
  intrahash = {71e556439bb49b11e015aa4c0d9cb785},
  keywords = {general_machine_learning},
  publisher = {Cambridge University Press},
  timestamp = {2019-10-12T23:43:51.000+0200},
  title = {Mathematics for Machine Learning},
  year = 2020
}

@book{Tunstall_Von_Werra_Wolf_2022, title={Natural Language Processing with Transformers}, url={http://books.google.ie/books?id=nTxbEAAAQBAJ&printsec=frontcover&dq=Natural+Language+Processing+with+Transformers&hl=&cd=1&source=gbs_api}, publisher={“O’Reilly Media, Inc.”}, author={Tunstall, Lewis and Von Werra, Leandro and Wolf, Thomas}, year={2022}, month={Jan} }

@article{Sherstinsky_2020,
   title={Fundamentals of Recurrent Neural Network (RNN) and Long Short-Term Memory (LSTM) network},
   volume={404},
   ISSN={0167-2789},
   url={http://dx.doi.org/10.1016/j.physd.2019.132306},
   DOI={10.1016/j.physd.2019.132306},
   journal={Physica D: Nonlinear Phenomena},
   publisher={Elsevier BV},
   author={Sherstinsky, Alex},
   year={2020},
   month=mar, pages={132306} 
}

@misc{alamin2024history,
      title={History of generative Artificial Intelligence (AI) chatbots: past, present, and future development}, 
      author={Md. Al-Amin and Mohammad Shazed Ali and Abdus Salam and Arif Khan and Ashraf Ali and Ahsan Ullah and Md Nur Alam and Shamsul Kabir Chowdhury},
      year={2024},
      eprint={2402.05122},
      archivePrefix={arXiv},
      primaryClass={cs.GL}
}

@inproceedings{Green1996MarkovCM,
  title={Markov chain Monte Carlo in Practice},
  author={Peter J. Green},
  year={1996},
  url={https://api.semanticscholar.org/CorpusID:125093681}
}

@article{turingTest,
    author = {TURING, A. M.},
    title = "{I.—COMPUTING MACHINERY AND INTELLIGENCE}",
    journal = {Mind},
    volume = {LIX},
    number = {236},
    pages = {433-460},
    year = {1950},
    month = {10},
    issn = {0026-4423},
    doi = {10.1093/mind/LIX.236.433},
    url = {https://doi.org/10.1093/mind/LIX.236.433},
    eprint = {https://academic.oup.com/mind/article-pdf/LIX/236/433/30123314/lix-236-433.pdf},
}

@article{Weizenbaum1966ELIZAaCP,
  title={ELIZA—a computer program for the study of natural language communication between man and machine},
  author={Joseph Weizenbaum},
  journal={Communications of the ACM},
  year={1966},
  volume={9},
  pages={36 - 45},
  url={https://api.semanticscholar.org/CorpusID:1896290}
}

@article{chatbotHistoryChatbots,
author = {Zemčík, Tomáš},
year = {2019},
month = {10},
pages = {},
title = {A Brief History of Chatbots},
journal = {DEStech Transactions on Computer Science and Engineering},
doi = {10.12783/dtcse/aicae2019/31439}
}

@article{eliza1966,
author = {Weizenbaum, Joseph},
title = {ELIZA—a computer program for the study of natural language communication between man and machine},
year = {1966},
issue_date = {Jan. 1966},
publisher = {Association for Computing Machinery},
address = {New York, NY, USA},
volume = {9},
number = {1},
issn = {0001-0782},
url = {https://doi.org/10.1145/365153.365168},
doi = {10.1145/365153.365168},
journal = {Commun. ACM},
month = {jan},
pages = {36–45},
numpages = {10}
}

@misc{siri,
    title= {Deep Learning for Siri’s Voice: On-device Deep Mixture Density Networks for Hybrid Unit Selection Synthesis},
    author ={Siri Team},
    url={https://machinelearning.apple.com/research/siri-voices}, 
    journal={Apple Machine Learning Research} 
}

@misc{soudani2024fine,
      title={Fine Tuning vs. Retrieval Augmented Generation for Less Popular Knowledge}, 
      author={Heydar Soudani and Evangelos Kanoulas and Faegheh Hasibi},
      year={2024},
      eprint={2403.01432},
      archivePrefix={arXiv},
      primaryClass={cs.CL}
}

@misc{lewis2021retrievalaugmented,
      title={Retrieval-Augmented Generation for Knowledge-Intensive NLP Tasks}, 
      author={Patrick Lewis and Ethan Perez and Aleksandra Piktus and Fabio Petroni and Vladimir Karpukhin and Naman Goyal and Heinrich Küttler and Mike Lewis and Wen-tau Yih and Tim Rocktäschel and Sebastian Riedel and Douwe Kiela},
      year={2021},
      eprint={2005.11401},
      archivePrefix={arXiv},
      primaryClass={cs.CL}
}

@misc{mlprocess, title={How to Learn Machine Learning in Three months and advance your IT Career?}, url={https://www.aegissofttech.com/articles/learn-machine-learning.html}, journal={Aegis Softtech}, author={Softtech, Aegis}, year={2019}, month={Sep} }

@misc{datagenerate2010, title={Volume of data/information created, captured, copied, and consumed worldwide from 2010 to 2020, with forecasts from 2021 to 2025}, url={https://www.statista.com/statistics/871513/worldwide-data-created/}, journal={Statista}, year={2023}, month={Nov} }

@book{Ratner_2012, title={Statistical and Machine-Learning Data Mining}, url={http://books.google.ie/books?id=I3KZCfmhWJwC&printsec=frontcover&dq=Statistical+and+Machine-Learning+Data+Mining:+Techniques+for+Better+Predictive+Modeling+and+Analysis+of+Big+Data,+Second+Edition&hl=&cd=2&source=gbs_api}, publisher={CRC Press}, author={Ratner, Bruce}, year={2012}, month={Feb} }

@book{Foster_2019, title={Generative Deep Learning}, url={http://books.google.ie/books?id=RqegDwAAQBAJ&printsec=frontcover&dq=Generative+Deep+Learning&hl=&cd=1&source=gbs_api}, publisher={“O’Reilly Media, Inc.”}, author={Foster, David}, year={2019}, month={Jun} }

@book{Bonaccorso_2018, title={Mastering Machine Learning Algorithms}, url={http://books.google.ie/books?id=2HteDwAAQBAJ&printsec=frontcover&dq=Mastering+Machine+Learning+Algorithms&hl=&cd=1&source=gbs_api}, publisher={Packt Publishing Ltd}, author={Bonaccorso, Giuseppe}, year={2018}, month={May} }

@misc{ml_task, title={Machine learning tasks - ML.NET}, url={https://learn.microsoft.com/en-us/dotnet/machine-learning/resources/tasks}, journal={Microsoft Learn}, author={Luisquintanilla}, year={2022}, month={Mar} }

@book{Flach_2012, title={Machine Learning}, url={http://books.google.ie/books?id=Ofp4h_oXsZ4C&printsec=frontcover&dq=machine+learnig+peter+flach&hl=&cd=1&source=gbs_api}, publisher={Cambridge University Press}, author={Flach, Peter}, year={2012}, month={Sep} }

@article{gemma_2024,
    title={Gemma},
    url={https://www.kaggle.com/m/3301},
    DOI={10.34740/KAGGLE/M/3301},
    publisher={Kaggle},
    author={Gemma Team},
    year={2024}
}

@misc{Kassel_2023, title={Epoch: Définition, mode de fonctionnement et utilisation}, url={https://datascientest.com/qu-est-ce-qu-un-epoch-en-machine-learning}, journal={Formation Data Science | DataScientest.com}, author={Kassel, Raphael}, year={2023}, month={Nov} }

@misc{overfitting, title={Qu’est-ce que le surapprentissage}, url={https://aws.amazon.com/fr/what-is/overfitting}, journal={Amazon Web Services, Inc.} }

@misc{wang2017origin,
      title={On the Origin of Deep Learning}, 
      author={Haohan Wang and Bhiksha Raj},
      year={2017},
      eprint={1702.07800},
      archivePrefix={arXiv},
      primaryClass={cs.LG}
}

@misc{mikolov2013efficient,
      title={Efficient Estimation of Word Representations in Vector Space}, 
      author={Tomas Mikolov and Kai Chen and Greg Corrado and Jeffrey Dean},
      year={2013},
      eprint={1301.3781},
      archivePrefix={arXiv},
      primaryClass={cs.CL}
}

@inproceedings{mnist,
author = {Boroojerdi, Soha and Rudolph, George},
year = {2022},
month = {05},
pages = {1-6},
title = {Handwritten Multi-Digit Recognition With Machine Learning},
doi = {10.1109/IETC54973.2022.9796722}
}

@book{McMahon_2023, title={Machine Learning Engineering with Python - Second Edition}, url={http://books.google.ie/books?id=uY3vzwEACAAJ&dq=Machine+Learning+Engineering+with+Python&hl=&cd=3&source=gbs_api}, author={McMahon, Andrew}, year={2023}, month={Jun} }

@misc{Agarwal, title={N-gram Language Modeling in Natural Language Processing - KDnuggets}, url={https://www.kdnuggets.com/2022/06/ngram-language-modeling-natural-language-processing.html}, journal={KDnuggets}, author={Agarwal, Neeraj} }

@article{Markov,
  added-at = {2008-03-17T11:27:54.000+0100},
  author = {Markov, A. A.},
  biburl = {https://www.bibsonomy.org/bibtex/2524f90b3a901a933f9e1071f84276925/nlp},
  interhash = {e56c253b0398259ec35cc226713c18f5},
  intrahash = {524f90b3a901a933f9e1071f84276925},
  journal = {Izvistia Imperatorskoi Akademii Nauk (Bulletin de {l'Acad\'{e}mie}
  {Imp\'{e}riale} des Sciences de {St.-P\'{e}tersbourg)}},
  keywords = {2000 book nlp},
  note = {English translation by Morris Halle, 1956.},
  pages = {153--162},
  series = 6,
  timestamp = {2008-03-17T11:32:50.000+0100},
  title = {Essai d'une recherche statistique sur le texte du roman ``{E}ugene
  {O}negin'' illustrant la liaison des epreuve en chain ({`Example} of a
  statistical investigation of the text of ``{E}ugene {O}negin" illustrating
  the dependence between samples in chain')},
  volume = 7,
  year = 1913
}

@book{Min69,
  added-at = {2013-12-05T10:32:26.000+0100},
  address = {Cambridge, MA},
  author = {Minsky, M. and Papert, S.},
  biburl = {https://www.bibsonomy.org/bibtex/24587aec0472c41d00c38bf3e888304ba/prlz77},
  interhash = {9ad5b73f68093070d73e54312145eca2},
  intrahash = {4587aec0472c41d00c38bf3e888304ba},
  keywords = {critic minsky papert perceptron},
  publisher = {MIT Press},
  timestamp = {2013-12-05T10:32:26.000+0100},
  title = {Perceptrons},
  year = 1969
}


@misc{Jaspreet_2022, title={A Concise History of Neural Networks - Towards Data Science}, url={https://towardsdatascience.com/a-concise-history-of-neural-networks-2070655d3fec}, journal={Medium}, author={Jaspreet}, year={2022}, month={Sep} }

@misc{ruder2016overview,
    title={An overview of gradient descent optimization algorithms},
    author={Sebastian Ruder},
    year={2016},
    eprint={1609.04747},
    archivePrefix={arXiv},
    primaryClass={cs.LG}
}

@book{Jurafsky2009,
  added-at = {2013-04-24T13:46:19.000+0200},
  address = {Upper Saddle River, N.J.},
  author = {Jurafsky, Dan and Martin, James H.},
  biburl = {https://www.bibsonomy.org/bibtex/2fb7fa20679ebb9d69d27d7c9682fd774/lopusz_kdd},
  description = {Speech and Language Processing (2nd Edition): Daniel Jurafsky, James H. Martin: 9780131873216: Amazon.com: Books},
  interhash = {5f4a309a36c3da5e3becbf0ac5d88413},
  intrahash = {fb7fa20679ebb9d69d27d7c9682fd774},
  isbn = {9780131873216 0131873210},
  keywords = {language},
  publisher = {Pearson Prentice Hall},
  refid = {213375806},
  timestamp = {2013-04-24T13:46:19.000+0200},
  title = {Speech and language processing : an introduction to natural language processing, computational linguistics, and speech recognition},
  url = {http://www.amazon.com/Speech-Language-Processing-2nd-Edition/dp/0131873210/ref=pd_bxgy_b_img_y},
  year = 2009
}

@misc{frwiki:212163472,
    author = "Wikipédia",
    title = "Hiérarchie des normes --- Wikipédia{,} l'encyclopédie libre",
    year = "2024",
    url = "http://fr.wikipedia.org/w/index.php?title=Hi%C3%A9rarchie_des_normes&oldid=212163472",
    note = "[En ligne; Page disponible le 5-février-2024]"
}

@misc{Kelsen_Raphael_2024, title={Pyramide de Kelsen et hiérarchie des normes}, url={https://aideauxtd.com/pyramide-de-kelsen/}, journal={Aideauxtd.com}, author={Raphaël}, year={2024}, month={Feb} }

@misc{Kelsen_jurixio_2023, title={La hiérarchie des normes (ou pyramide des normes de Kelsen)}, url={https://www.jurixio.fr/la-hierarchie-des-normes-la-pyramide-de-kelsen/}, journal={L’école Jurixio}, author={Jurixio}, year={2023}, month={Feb} }

@misc{frwiki:213425509,
   author = "Wikipédia",
   title = "Hans Kelsen --- Wikipédia{,} l'encyclopédie libre",
   year = "2024",
   url = "http://fr.wikipedia.org/w/index.php?title=Hans_Kelsen&oldid=213425509",
   note = "[En ligne; Page disponible le 17-mars-2024]"
 }

@misc{frwiki:205358830,
   author = "Wikipédia",
   title = "Corpus --- Wikipédia{,} l'encyclopédie libre",
   year = "2023",
   url = "http://fr.wikipedia.org/w/index.php?title=Corpus&oldid=205358830",
   note = "[En ligne; Page disponible le 21-juin-2023]"
 }

@misc{frwiki:213039317,
   author = "Wikipédia",
   title = "Frank Rosenblatt --- Wikipédia{,} l'encyclopédie libre",
   year = "2024",
   url = "http://fr.wikipedia.org/w/index.php?title=Frank_Rosenblatt&oldid=213039317",
   note = "[En ligne; Page disponible le 4-mars-2024]"
 }

@misc{frwiki:213207404,
   author = "Wikipédia",
   title = "Algorithme --- Wikipédia{,} l'encyclopédie libre",
   year = "2024",
   url = "http://fr.wikipedia.org/w/index.php?title=Algorithme&oldid=213207404",
   note = "[En ligne; Page disponible le 9-mars-2024]"
 }

@misc{Oracle_datamining_2024, 
    url={https://www.oracle.com/fr/database/data-mining-definition}, 
    journal={Oracle France},
    title={Qu’est-ce que le Data Mining},
    year={2024},
    note = "[En ligne; Page disponible le 2-avril-2024]"
}

@misc{frwiki:205243717,
   author = "Wikipédia",
   title = "Robot d'indexation --- Wikipédia{,} l'encyclopédie libre",
   year = "2023",
   url = "http://fr.wikipedia.org/w/index.php?title=Robot_d%27indexation&oldid=205243717",
   note = "[En ligne; Page disponible le 17-juin-2023]"
 }

@book{Chakrabarti_2002, title={Mining the Web}, url={http://books.google.ie/books?id=5Zxw1h6yc_UC&printsec=frontcover&dq=Mining+the+Web.+Discovering+Knowledge+from+Hypertext+Data&hl=&cd=1&source=gbs_api}, publisher={Morgan Kaufmann}, author={Chakrabarti, Soumen}, year={2002}, month={Oct} }

@article{BRIN1998107,
title = {The anatomy of a large-scale hypertextual Web search engine},
journal = {Computer Networks and ISDN Systems},
volume = {30},
number = {1},
pages = {107-117},
year = {1998},
note = {Proceedings of the Seventh International World Wide Web Conference},
issn = {0169-7552},
doi = {https://doi.org/10.1016/S0169-7552(98)00110-X},
url = {https://www.sciencedirect.com/science/article/pii/S016975529800110X},
author = {Sergey Brin and Lawrence Page},
keywords = {World Wide Web, Search engines, Information retrieval, PageRank, Google},
}

 @misc{ frwiki:203869267,
   author = "Wikipédia",
   title = "Beautiful Soup --- Wikipédia{,} l'encyclopédie libre",
   year = "2023",
   url = "http://fr.wikipedia.org/w/index.php?title=Beautiful_Soup&oldid=203869267",
   note = "[En ligne; Page disponible le 1-mai-2023]"
 }

@misc{rfc1321,
  added-at = {2011-10-12T21:36:55.000+0200},
  author = {Rivest, Ronald L.},
  biburl = {https://www.bibsonomy.org/bibtex/2e8938160bac7a3f519d2cae5dd58507b/stroeh},
  howpublished = {Internet RFC 1321},
  interhash = {3f1dd3e4123e81be1d4cc2449b4b74dd},
  intrahash = {e8938160bac7a3f519d2cae5dd58507b},
  keywords = {hash md5},
  month = {April},
  timestamp = {2011-10-12T21:36:55.000+0200},
  title = {The MD5 Message-Digest Algorithm},
  topic = {md5[1]},
  url = {http://tools.ietf.org/html/rfc1321},
  year = 1992
}

 @misc{ frwiki:203545836,
   author = "Wikipédia",
   title = "MD5 --- Wikipédia{,} l'encyclopédie libre",
   year = "2023",
   url = "http://fr.wikipedia.org/w/index.php?title=MD5&oldid=203545836",
   note = "[En ligne; Page disponible le 21-avril-2023]"
 }

@misc{smith_tesseract_2007,
  added-at = {2023-09-21T14:48:16.000+0200},
  author = {Smith, Ray},
  biburl = {https://www.bibsonomy.org/bibtex/2fbee393ca197bc09b36aed88dc7dcdb0/glonga},
  description = {OSCON 2007 Portland},
  interhash = {045132d7b2961a13079ab07ae97c47a5},
  intrahash = {fbee393ca197bc09b36aed88dc7dcdb0},
  keywords = {2007 Engine OCR Tesseract},
  timestamp = {2023-09-21T14:50:09.000+0200},
  title = {Tesseract {OCR} {Engine}},
  url = {https://web.archive.org/web/20160819190257/tesseract-ocr.googlecode.com/files/TesseractOSCON.pdf},
  year = 2007
}

@misc{Anala_2020, title={A Guide to Word Embedding}, url={https://towardsdatascience.com/a-guide-to-word-embeddings-8a23817ab60f}, journal={towardsdatascience.com}, author={Anala, Shraddha }, year={2020}, month={Oct} }

@misc{Embeddings, url={https://developers.google.com/machine-learning/crash-course/embeddings/video-lecture}, journal={Google for Developers}, title={Machine Learning : Embeddings}, year={2022}, month={Jul}, author={Google Developers} }

@misc{onehotencoding,
author = {Samuels, Jamell},
year = {2024},
month = {01},
title = {One-Hot Encoding and Two-Hot Encoding: An Introduction},
doi = {10.13140/RG.2.2.21459.76327}
}

@inproceedings{pennington2014glove,
  added-at = {2018-05-24T11:05:28.000+0200},
  author = {Pennington, Jeffrey and Socher, Richard and Manning, Christopher D.},
  biburl = {https://www.bibsonomy.org/bibtex/296ee059fcb49b261f72f843715c3adb9/tobias.koopmann},
  booktitle = {Empirical Methods in Natural Language Processing (EMNLP)},
  interhash = {29813227df1eea94efa14c7df2b5553a},
  intrahash = {96ee059fcb49b261f72f843715c3adb9},
  keywords = {embeddings ma representation word},
  pages = {1532--1543},
  timestamp = {2018-05-24T11:05:28.000+0200},
  title = {GloVe: Global Vectors for Word Representation},
  url = {http://www.aclweb.org/anthology/D14-1162},
  year = 2014
}

@misc{bojanowski2016enriching,
    title={Enriching Word Vectors with Subword Information},
    author={Piotr Bojanowski and Edouard Grave and Armand Joulin and Tomas Mikolov},
    year={2016},
    eprint={1607.04606},
    archivePrefix={arXiv},
    primaryClass={cs.CL}
}

@misc{devlin2018bert,
    title={BERT: Pre-training of Deep Bidirectional Transformers for Language Understanding},
    author={Jacob Devlin and Ming-Wei Chang and Kenton Lee and Kristina Toutanova},
    year={2018},
    eprint={1810.04805},
    archivePrefix={arXiv},
    primaryClass={cs.CL}
}

@misc{zhu2024understanding,
      title={Understanding Privacy Risks of Embeddings Induced by Large Language Models}, 
      author={Zhihao Zhu and Ninglu Shao and Defu Lian and Chenwang Wu and Zheng Liu and Yi Yang and Enhong Chen},
      year={2024},
      eprint={2404.16587},
      archivePrefix={arXiv},
      primaryClass={cs.CL}
}

@misc{bai2024hallucination,
    title={Hallucination of Multimodal Large Language Models: A Survey},
    author={Zechen Bai and Pichao Wang and Tianjun Xiao and Tong He and Zongbo Han and Zheng Zhang and Mike Zheng Shou},
    year={2024},
    eprint={2404.18930},
    archivePrefix={arXiv},
    primaryClass={cs.CV}
}

@misc{rag_architecture, title={Qu’est-ce que RAG ? - Explication de la génération augmentée par extraction - AWS}, url={https://aws.amazon.com/fr/what-is/retrieval-augmented-generation/}, journal={Amazon Web Services, Inc.} }
